%% LaTeX2e file `5.bib'
%% generated by the `filecontents' environment
%% from source `5' on 2023/06/27.
%%
@inproceedings{Gottlieb1984TheoryAA,
  title={Theory and applications of spectral methods},
  author={Daniel Henry Gottlieb and M. Yousuff Hussaini and Steven A. Orszag},
  year={1984}
}
